@inproceedings{DBLP:conf/icalp/ChistikovH17,
  author    = {Dmitry Chistikov and
               Christoph Haase},
  title     = {On the Complexity of Quantified Integer Programming},
  booktitle = {44th International Colloquium on Automata, Languages, and Programming,
               {ICALP} 2017, July 10-14, 2017, Warsaw, Poland},
  pages     = {94:1--94:13},
  year      = {2017},
  crossref  = {DBLP:conf/icalp/2017},
  url       = {https://doi.org/10.4230/LIPIcs.ICALP.2017.94},
  doi       = {10.4230/LIPIcs.ICALP.2017.94},
  timestamp = {Thu, 23 Aug 2018 15:56:42 +0200},
  biburl    = {https://dblp.org/rec/bib/conf/icalp/ChistikovH17},
  bibsource = {dblp computer science bibliography, https://dblp.org}
}

@proceedings{DBLP:conf/icalp/2017,
  editor    = {Ioannis Chatzigiannakis and
               Piotr Indyk and
               Fabian Kuhn and
               Anca Muscholl},
  title     = {44th International Colloquium on Automata, Languages, and Programming,
               {ICALP} 2017, July 10-14, 2017, Warsaw, Poland},
  series    = {LIPIcs},
  volume    = {80},
  publisher = {Schloss Dagstuhl - Leibniz-Zentrum fuer Informatik},
  year      = {2017},
  url       = {http://www.dagstuhl.de/dagpub/978-3-95977-041-5},
  isbn      = {978-3-95977-041-5},
  timestamp = {Mon, 17 Jul 2017 16:47:29 +0200},
  biburl    = {https://dblp.org/rec/bib/conf/icalp/2017},
  bibsource = {dblp computer science bibliography, https://dblp.org}
}

